<record><leader>00000cas a22000007a 4500</leader><controlfield tag="001">17942002</controlfield><controlfield tag="008">880512d1981198utxuwr ne      0    0eng d</controlfield><datafield ind1=" " ind2=" " tag="010"><subfield code="a">sn 88083473 </subfield></datafield><datafield ind1=" " ind2=" " tag="040"><subfield code="a">PPM</subfield><subfield code="b">eng</subfield><subfield code="c">PPM</subfield><subfield code="d">OCLCQ</subfield></datafield><datafield ind1=" " ind2=" " tag="042"><subfield code="a">msc</subfield></datafield><datafield ind1="0" ind2="0" tag="245"><subfield code="a">Comal County chronicle.</subfield></datafield><datafield ind1=" " ind2=" " tag="260"><subfield code="a">New Braunfels, Tex. :</subfield><subfield code="b">Rick Kimmons,</subfield><subfield code="c">1981-</subfield></datafield><datafield ind1=" " ind2=" " tag="310"><subfield code="a">Weekly</subfield></datafield><datafield ind1="0" ind2=" " tag="362"><subfield code="a">Vol. 1, no. 1 (Nov. 25, 1981)-</subfield></datafield><datafield ind1=" " ind2=" " tag="752"><subfield code="a">United States</subfield><subfield code="b">Texas</subfield><subfield code="c">Comal</subfield><subfield code="d">New Braunfels.</subfield></datafield><datafield ind1="0" ind2="7" tag="785"><subfield code="t">Times guardian</subfield><subfield code="w">(DLC)sn 88083397</subfield></datafield><datafield ind1="0" ind2="7" tag="785"><subfield code="t">Times guardian and Comal County chronicle</subfield><subfield code="w">(DLC)sn 88083419</subfield></datafield></record>